<record xmlns="http://www.loc.gov/MARC21/slim" xmlns:xsi="http://www.w3.org/2001/XMLSchema-instance" xsi:schemaLocation="http://www.loc.gov/MARC21/slim http://www.loc.gov/standards/marcxml/schema/MARC21slim.xsd"><leader>00037nz   2200037n  4500</leader><controlfield tag="001">DNB|102390541</controlfield><controlfield tag="003">DNB</controlfield><controlfield tag="005">20031010065207.0</controlfield><controlfield tag="008">930416|||az|nnaa|||||||||||| a|aaa|||| d</controlfield><datafield ind1="7" ind2=" " tag="016"><subfield code="a">102390541</subfield><subfield code="2">GyFmDB</subfield></datafield><datafield ind1=" " ind2=" " tag="040"><subfield code="a">0000</subfield><subfield code="b">ger</subfield><subfield code="d">9999</subfield><subfield code="f">RAK-PND</subfield></datafield><datafield ind1="1" ind2=" " tag="045"><subfield code="b">d1. Jh. v. Chr./1.Jh. n. Chr.</subfield></datafield><datafield ind1="0" ind2=" " tag="100"><subfield code="a">Didymus,</subfield><subfield code="c">Alexandrinus</subfield><subfield code="d">1. Jh. v. Chr./1.Jh. n. Chr.</subfield></datafield><datafield ind1="0" ind2=" " tag="400"><subfield code="a">Didymus,</subfield><subfield code="c">Scriptor de Mensuris</subfield><subfield code="d">1. Jh. v. Chr./1.Jh. n. Chr.</subfield></datafield><datafield ind1="0" ind2=" " tag="400"><subfield code="a">Didymos,</subfield><subfield code="c">von Alexandreia</subfield><subfield code="d">1. Jh. v. Chr./1.Jh. n. Chr.</subfield></datafield><datafield ind1="0" ind2=" " tag="400"><subfield code="a">Didymus,</subfield><subfield code="c">of Alexandria</subfield><subfield code="d">1. Jh. v. Chr./1.Jh. n. Chr.</subfield></datafield><datafield ind1="0" ind2=" " tag="400"><subfield code="a">Didymus,</subfield><subfield code="c">Metrologist</subfield><subfield code="d">1. Jh. v. Chr./1.Jh. n. Chr.</subfield></datafield><datafield ind1=" " ind2=" " tag="667"><subfield code="a">Maschinell verknuepft mit DBL-Retro-Titeldaten</subfield></datafield><datafield ind1=" " ind2=" " tag="678"><subfield code="a">Mensurae marmorum ac lignorum</subfield></datafield><datafield ind1=" " ind2=" " tag="910"><subfield code="a">der heilige geist</subfield><subfield code="9">1</subfield></datafield><datafield ind1=" " ind2=" " tag="910"><subfield code="a">liber de spiritu sancto</subfield><subfield code="9">1</subfield></datafield><datafield ind1=" " ind2=" " tag="921"><subfield code="a">missionsdruckerei</subfield><subfield code="9">1</subfield></datafield><datafield ind1=" " ind2=" " tag="922"><subfield code="a">gw</subfield><subfield code="9">1</subfield></datafield><datafield ind1=" " ind2=" " tag="940"><subfield code="a">ger</subfield><subfield code="9">1</subfield></datafield><datafield ind1=" " ind2=" " tag="943"><subfield code="a">194x</subfield><subfield code="9">1</subfield></datafield><datafield ind1=" " ind2=" " tag="944"><subfield code="a">am</subfield><subfield code="9">1</subfield></datafield><datafield ind1=" " ind2=" " tag="950"><subfield code="a">crone gerhard</subfield><subfield code="9">1</subfield></datafield><datafield ind1=" " ind2=" " tag="999"><subfield code="a">DDB|359645135</subfield></datafield></record>